@inproceedings{uavicse,
	author = {Slavomir Simonak},
	title = {Using algorithm visualizations in computer science education.},
	booktitle = {Central European Journal of Computer Science},
	year = {2014},
	isbn = {1896-1533 (Print) 2081-9935 (Online)},
	pages = {183--190},
	url = {http://link.springer.com/journal/13537},
	publisher = {Springer Verlag},
}

@misc{trakala2,
	Howpublished={http://www.cse.hut.fi/en/research/SVG/TRAKLA2/},
	Title={{TRAKLA2} -- Software Project},
}


@misc{jawaa2,
	Howpublished={http://www.cs.duke.edu/csed/jawaa2},
	Title={The {JAWAA} Homepage},
}

